
%%%
%%% SAMPLE!!!! please adjust to your needs!!
%%% 

@INPROCEEDINGS{Deri04,
    author = {Luca Deri},
    title = {Improving Passive Packet Capture: Beyond Device Polling},
    booktitle = {Proceedings of the Fourth International System Administration and Network Engineering Conference (SANE 2004)},
    year = {2004},
    location = {Amsterdam, The Netherlands},
    month = sep,
}

@misc{rfc5101,
  author="B. Claise",
  title="{Specification of the IP Flow Information Export (IPFIX) Protocol for the Exchange of IP Traffic Flow Information}",
  series="Request for Comments",
  number="5101",
  howpublished="RFC 5101",
  publisher="IETF",
  organization="Internet Engineering Task Force",
  year=2008,
  month=jan,
    url="https://www.ietf.org/rfc/rfc5101.txt",
}

@misc{muenz-compression,
  author = {{G. MÃ¼nz and L. Braun}},
  title = {Lossless Compression for IP Flow Information Export (IPFIX)},
  howpublished = {https://tools.ietf.org/html/draft-muenz-ipfix-compression-00},
  year = 2008,
  month = jul,
}



@book{katz2008introduction,
  title={Introduction to modern cryptography},
  author={Katz, J. and Lindell, Y.},
  isbn={9781584885511},
  lccn={2007017861},
  series={Chapman and Hall/CRC Cryptography and Network Security Series},
  url={http://books.google.at/books?id=WIc\_AQAAIAAJ},
  year={2008},
  publisher={Chapman \& Hall/CRC}
}

